@article{goodrich2010datap,
  author  = {Goodrich, Michael and Tamassia, Roberto},
  title   = {Data Structures and Algorithms in Java},
  journal = {John Wiley \& Sons},
  edition = {4th},
  pages   = {970--975},
  year    = {2010}
}

@article{jadoon2011design,
  author = {Jadoon, S. and Solehria, S. and Rehman, S. and Jan, H.},
  title  = {Design and Analysis of Optimized Selection Sort Algorithm},
  volume = {11},
  number = {1},
  pages  = {16--21},
  year   = {2011},
  month  = {Feb},
  url    = {http://www.ijens.org/IJECS%20Vol%2011%20Issue%2001.html}
}

@article{ahmed2019stable,
  author  = {Ahmed, H. and Mahmoud, H. and Alghreimil, N.},
  title   = {A Stable Comparison-based Sorting Algorithm with worst-case complexity of $O(n log n)$ Comparisons and $O(n)$ Moves},
  journal = {World Academy of Science, Engineering and Technology},
  volume  = {22},
  pages   = {970--975}
}

@book{goodrich2010data,
  author    = {Goodrich, Michael and Tamassia, Roberto},
  title     = {Data Structures and Algorithms in Java},
  journal   = {John Wiley \& Sons},
  edition   = {4th},
  year      = {2010},
  publisher = {John Wiley \& Sons}
}

@misc{scholarhat-selection-sort,
  title = {Selection Sort in Data Structures},
  url   = {https://www.scholarhat.com/tutorial/datastructures/selection-sort-in-data-structures}
}

@misc{scholarhat-merge-sort,
  title = {Merge Sort in Data Structures},
  url   = {https://www.scholarhat.com/tutorial/datastructures/merge-sort-in-data-structures}
}

@misc{programiz-selection-sort,
  title = {Selection Sort - DSA Tutorial},
  url   = {https://www.programiz.com/dsa/selection-sort}
}

@misc{tutorialspoint-selection-sort,
  title = {Selection Sort Algorithm - Tutorialspoint},
  url   = {https://www.tutorialspoint.com/data_structures_algorithms/selection_sort_algorithm.htm}
}

@book{horowitz1998computer,
  author = {Horowitz, Ellis and Sahni, Sartaj and Rajasekaran, Sanguthevar},
  title  = {Computer Algorithms},
  year   = {1998}
}

@misc{geeksforgeeks-merge-sort,
  title = {Time and Space Complexity Analysis of Merge Sort},
  url   = {https://www.geeksforgeeks.org/time-and-space-complexity-analysis-of-merge-sort/}
}

@misc{rabiu2018,
  author = {Rabiu et al.},
  year   = {2018}
}

@misc{rabiu2020,
  author = {Rabiu et al. and Aliyu and Zirra},
  year   = {2020}
}