@article{goodrich2010datap,
  author  = {M. Goodrich and R. Tamassia},
  title   = {Data Structures and Algorithms in Java},
  journal = {John Wiley \& Sons},
  year    = {2010},
  volume  = {4},
  pages   = {970--975}
}

@article{jadoon2011design,
  author  = {S. Jadoon and S. Solehria and S. Rehman and H. Jan},
  title   = {Design and Analysis of Optimized Selection Sort Algorithm},
  journal = {World Academy of Science, Engineering and Technology},
  year    = {2011},
  volume  = {11},
  number  = {1},
  pages   = {16--21},
  month   = {Feb},
  url     = {http://www.ijens.org/IJECS%20Vol%2011%20Issue%2001.html}
}

@article{ahmed2019stable,
  author  = {H. Ahmed and H. Mahmoud and N. Alghreimil},
  title   = {A Stable Comparison-based Sorting Algorithm with worst-case complexity of $O(n \log n)$ Comparisons and $O(n)$ Moves},
  journal = {World Academy of Science, Engineering and Technology},
  year    = {2019},
  volume  = {22},
  pages   = {970--975}
}

@misc{scholarhat-selection-sort,
  title        = {Selection Sort in Data Structures},
  howpublished = {\url{https://www.scholarhat.com/tutorial/datastructures/selection-sort-in-data-structures}}
}

@misc{scholarhat-merge-sort,
  title        = {Merge Sort in Data Structures},
  howpublished = {\url{https://www.scholarhat.com/tutorial/datastructures/merge-sort-in-data-structures}}
}

@misc{programiz-selection-sort,
  title        = {Selection Sort - DSA Tutorial},
  howpublished = {\url{https://www.programiz.com/dsa/selection-sort}}
}

@misc{tutorialspoint-selection-sort,
  title        = {Selection Sort Algorithm - Tutorialspoint},
  howpublished = {\url{https://www.tutorialspoint.com/data_structures_algorithms/selection_sort_algorithm.htm}}
}

@book{horowitz1998computer,
  author = {E. Horowitz and S. Sahni and S. Rajasekaran},
  title  = {Computer Algorithms},
  year   = {1998}
}

@misc{geeksforgeeks-merge-sort,
  title        = {Time and Space Complexity Analysis of Merge Sort},
  howpublished = {\url{https://www.geeksforgeeks.org/time-and-space-complexity-analysis-of-merge-sort/}}
}

@misc{rabiu2018,
  author = {Rabiu et al.},
  year   = {2018}
}

@misc{rabiu2020,
  author = {Rabiu et al. and Aliyu and Zirra},
  year   = {2020}
}
